<record><leader>00000cas a22000007a 4500</leader><controlfield tag="001">17663113</controlfield><controlfield tag="008">880322d19301931aluwr ne      0    0eng d</controlfield><datafield ind1=" " ind2=" " tag="010"><subfield code="a">sn 88050056 </subfield></datafield><datafield ind1=" " ind2=" " tag="040"><subfield code="a">AAR</subfield><subfield code="b">eng</subfield><subfield code="c">AAR</subfield><subfield code="d">CPN</subfield><subfield code="d">OCLCQ</subfield></datafield><datafield ind1=" " ind2=" " tag="042"><subfield code="a">msc</subfield></datafield><datafield ind1="0" ind2="4" tag="245"><subfield code="a">The Tuscaloosa banner.</subfield></datafield><datafield ind1=" " ind2=" " tag="260"><subfield code="a">Tuscaloosa, Ala. :</subfield><subfield code="b">Jack M. Pratt</subfield></datafield><datafield ind1=" " ind2=" " tag="300"><subfield code="a">v.</subfield></datafield><datafield ind1=" " ind2=" " tag="310"><subfield code="a">Weekly</subfield></datafield><datafield ind1="0" ind2=" " tag="362"><subfield code="a">-v. 1, no. 44 (May 28, 1931).</subfield></datafield><datafield ind1="1" ind2=" " tag="362"><subfield code="a">Began in 1930.</subfield></datafield><datafield ind1=" " ind2=" " tag="588"><subfield code="a">Description based on: Vol. 1, no. 17 (Nov. 20, 1930).</subfield></datafield><datafield ind1=" " ind2=" " tag="752"><subfield code="a">United States</subfield><subfield code="b">Alabama</subfield><subfield code="c">Tuscaloosa</subfield><subfield code="d">Tuscaloosa.</subfield></datafield><datafield ind1="0" ind2="4" tag="780"><subfield code="t">McClures farm digest</subfield></datafield><datafield ind1="0" ind2="4" tag="780"><subfield code="t">Rural advocate</subfield></datafield><datafield ind1="0" ind2="0" tag="785"><subfield code="t">Tuskaloosa warrior</subfield><subfield code="w">(DLC)sn 88050057</subfield></datafield><datafield ind1="1" ind2=" " tag="029"><subfield code="a">AU@</subfield><subfield code="b">000025803036</subfield></datafield></record>